@article{pattern-recognition,
  title={Pattern Recognition and Machine Learning},
  author={Christopher M. Bishop},
  year={2006},
  publisher={Springer Science and Business Media, LLC}
}
